
@article{
    leggedRobots,
    author = {M. H. Raibert},
    title = {Legged robots},
    journal = {Communications of the ACM},
    volume = {29},
    number = {6},
    pages = {499–514},
    year = {1986},
}

@article{silva2012literature,
    title={A literature review on the optimization of legged robots},
    author={Silva, Manuel Fernando and Machado, JA Tenreiro},
    journal={Journal of Vibration and Control},
    volume={18},
    number={12},
    pages={1753--1767},
    year={2012},
    publisher={Sage Publications Sage UK: London, England}
}

@article{
    aau5872,
    author = {Jemin Hwangbo  and Joonho Lee  and Alexey Dosovitskiy  and Dario Bellicoso  and Vassilios Tsounis  and Vladlen Koltun  and Marco Hutter },
    title = {Learning agile and dynamic motor skills for legged robots},
    journal = {Science Robotics},
    volume = {4},
    number = {26},
    pages = {eaau5872},
    year = {2019},
    doi = {10.1126/scirobotics.aau5872}
 }
 
@INPROCEEDINGS{
    mario,
    author={Harper, Mario Y. and Nicholson, John V. and Collins, Emmanuel G. and Pusey, Jason and Clark, Jonathan E.},
    booktitle={2019 International Conference on Robotics and Automation (ICRA)}, 
    title={Energy Efficient Navigation for Running Legged Robots}, 
    year={2019},
    volume={},
    number={},
    pages={6770-6776},
    doi={10.1109/ICRA.2019.8793599}
}
 
@article{BING2020323,
title = {Energy-efficient and damage-recovery slithering gait design for a snake-like robot based on reinforcement learning and ... },
journal = {Neural Networks},
volume = {129},
pages = {323-333},
year = {2020},
issn = {0893-6080},
doi = {https://doi.org/10.1016/j.neunet.2020.05.029},
author = {Zhenshan Bing and Christian Lemke and Long Cheng and Kai Huang and Alois Knoll},
keywords = {, Reinforcement learning, Inverse reinforcement learning, Motion planning, Damage recovery}}


@ARTICLE{8946895,
  author={Austin, Max P. and Harper, Mario Y. and Brown, Jason M. and Collins, Emmanuel G. and Clark, Jonathan E.},
  journal={IEEE Transactions on Robotics}, 
  title={Navigation for Legged Mobility: Dynamic Climbing}, 
  year={2020},
  volume={36},
  number={2},
  pages={537-544},
  doi={10.1109/TRO.2019.2958207}}
  
  
@article{plonski2013energy,
  title={Energy-efficient path planning for solar-powered mobile robots},
  author={Plonski, Patrick A and Tokekar, Pratap and Isler, Volkan},
  journal={Journal of Field Robotics},
  volume={30},
  number={4},
  pages={583--601},
  year={2013},
  publisher={Wiley Online Library}
}
  
@article{mousas2013minimum,
  title={The minimum energy expenditure shortest path method},
  author={Mousas, Christos and Newbury, Paul and Anagnostopoulos, Christos-Nikolaos},
  journal={Journal of Graphics Tools},
  volume={17},
  number={1-2},
  pages={31--44},
  year={2013},
  publisher={Taylor \& Francis}
}

@article{wu2019energy,
  title={Energy-efficient coverage path planning for general terrain surfaces},
  author={Wu, Chenming and Dai, Chengkai and Gong, Xiaoxi and Liu, Yong-Jin and Wang, Jun and Gu, Xianfeng David and Wang, Charlie CL},
  journal={IEEE Robotics and Automation Letters},
  volume={4},
  number={3},
  pages={2584--2591},
  year={2019},
  publisher={IEEE}
}

@article{howard2007optimal,
  title={Optimal rough terrain trajectory generation for wheeled mobile robots},
  author={Howard, Thomas M and Kelly, Alonzo},
  journal={The International Journal of Robotics Research},
  volume={26},
  number={2},
  pages={141--166},
  year={2007},
  publisher={Sage Publications Sage CA: Thousand Oaks, CA}
}

@inproceedings{bouman2020autonomous,
  title={Autonomous spot: Long-range autonomous exploration of extreme environments with legged locomotion},
  author={Bouman, Amanda and Ginting, Muhammad Fadhil and Alatur, Nikhilesh and Palieri, Matteo and Fan, David D and Touma, Thomas and Pailevanian, Torkom and Kim, Sung-Kyun and Otsu, Kyohei and Burdick, Joel and others},
  booktitle={2020 IEEE/RSJ International Conference on Intelligent Robots and Systems (IROS)},
  pages={2518--2525},
  year={2020},
  organization={IEEE}
}

@article{duchovn2014path,
  title={Path planning with modified a star algorithm for a mobile robot},
  author={Ducho{\v{n}}, Franti{\v{s}}ek and Babinec, Andrej and Kajan, Martin and Be{\v{n}}o, Peter and Florek, Martin and Fico, Tom{\'a}{\v{s}} and Juri{\v{s}}ica, Ladislav},
  journal={Procedia Engineering},
  volume={96},
  pages={59--69},
  year={2014},
  publisher={Elsevier}
}
@inproceedings{christopher,
    title={Improving Methods for Multi-Terrain Classification Beyond Visual Perception},
    author={Allred, Christopher and Russel, Mason and Harper, Mario and Pusey, Jason},
    booktitle={2021 Fifth IEEE International Conference on Robotic Computing (IRC)},
    pages={96-99},
    year={2021},
    organization={IEEE}
}

@inproceedings{carter,
    title={Improving Real-Time Energy-Efficient Trajectory Planning Via Machine Learning},
    author={Bailey, Carter and Harper, Mario},
    booktitle={2021 Fifth IEEE International Conference on Robotic Computing (IRC)},
    pages={50-55},
    year={2021},
    organization={IEEE}
}

@article{witte2005accuracy,
  title={Accuracy of WAAS-enabled GPS for the determination of position and speed over ground},
  author={Witte, TH and Wilson, AM},
  journal={Journal of biomechanics},
  volume={38},
  number={8},
  pages={1717--1722},
  year={2005},
  publisher={Elsevier}
}

@inproceedings{komoriya1994position,
  title={Position estimation of a mobile robot using optical fiber gyroscope (OFG)},
  author={Komoriya, Kiyoshi and Oyama, Eiinei},
  booktitle={Proceedings of IEEE/RSJ International Conference on Intelligent Robots and Systems (IROS'94)},
  volume={1},
  pages={143--149},
  year={1994},
  organization={IEEE}
}

@INPROCEEDINGS{
    8460940,
  author={Cop, Konrad P and Borges, Paulo V K and Dubé, Renaud},
  booktitle={2018 IEEE International Conference on Robotics and Automation (ICRA)}, 
  title={Delight: An Efficient Descriptor for Global Localisation Using LiDAR Intensities}, 
  year={2018},
  volume={},
  number={},
  pages={3653-3660},
  doi={10.1109/ICRA.2018.8460940}
}

@article{drumheller1987mobile,
  title={Mobile robot localization using sonar},
  author={Drumheller, Michael},
  journal={IEEE transactions on pattern analysis and machine intelligence},
  number={2},
  pages={325--332},
  year={1987},
  publisher={IEEE}
}

@inproceedings{westmore1991direct,
  title={Direct dynamic control of a robot using an end-point mounted camera and Kalman filter position estimation},
  author={Westmore, David B and Wilson, William J},
  booktitle={Proceedings. 1991 IEEE International Conference on Robotics and Automation},
  pages={2376--2377},
  year={1991},
  organization={IEEE Computer Society}
}

@article{iagnemma2004online,
  title={Online terrain parameter estimation for wheeled mobile robots with application to planetary rovers},
  author={Iagnemma, Karl and Kang, Shinwoo and Shibly, Hassan and Dubowsky, Steven},
  journal={IEEE transactions on robotics},
  volume={20},
  number={5},
  pages={921--927},
  year={2004},
  publisher={IEEE}
}

@inproceedings{mei2004energy,
  title={Energy-efficient motion planning for mobile robots},
  author={Mei, Yongguo and Lu, Yung-Hsiang and Hu, Y Charlie and Lee, CS George},
  booktitle={IEEE International Conference on Robotics and Automation, 2004. Proceedings. ICRA'04. 2004},
  volume={5},
  pages={4344--4349},
  year={2004},
  organization={IEEE}
}

@inproceedings{barili1995energy,
  title={Energy-saving motion control for an autonomous mobile robot},
  author={Barili, A and Ceresa, M and Parisi, C},
  booktitle={1995 Proceedings of the IEEE International Symposium on Industrial Electronics},
  volume={2},
  pages={674--676},
  year={1995},
  organization={IEEE}
}

@article{roy2012effects,
  title={Effects of turning gait parameters on energy consumption and stability of a six-legged walking robot},
  author={Roy, Shibendu Shekhar and Pratihar, Dilip Kumar},
  journal={Robotics and Autonomous Systems},
  volume={60},
  number={1},
  pages={72--82},
  year={2012},
  publisher={Elsevier}
}

@inproceedings{wang2011application,
  title={Application of Dijkstra algorithm in robot path-planning},
  author={Wang, Huijuan and Yu, Yuan and Yuan, Quanbo},
  booktitle={2011 second international conference on mechanic automation and control engineering},
  pages={1067--1069},
  year={2011},
  organization={IEEE}
}